% Encoding: UTF-8

@Article{Kunjwal2019,
  author    = {R. Kunjwal},
  journal   = {Quantum},
  title     = {Beyond the {C}abello-{S}everini-{W}inter framework: {M}aking sense of contextuality without sharpness of measurements},
  year      = {2019},
  volume    = {3},
  doi       = {10.22331/q-2019-09-09-184},
}

@Article{Cabello2016a,
  author  = {A. Cabello and M. Kleinmann and J. Portillo},
  journal = {J. Phys. A},
  title   = {Quantum state-independent contextuality requires 13 rays},
  year    = {2016},
  volume  = {49},
  doi     = {10.1088/1751-8113/49/38/38lt01},
}

@Article{Wiesner2012,
  author  = {K. Wiesner and M. Gu and E. Rieper and V. Vedral},
  journal = {Proc. R. Soc. A},
  title   = {Information-theoretic lower bound on energy cost of stochastic computation},
  year    = {2012},
  volume  = {468},
  doi     = {10.1098/rspa.2012.0173},
}

@Article{Cabello2016,
  author  = {A. Cabello and M. Gu and O. Guehne and J.-A. Larsson and K. Wiesner},
  journal = {Phys. Rev. A},
  title   = {Thermodynamical cost of some interpretations of quantum theory},
  year    = {2016},
  volume  = {94},
  doi     = {10.1103/physreva.94.052127},
}

@Article{Cabello2013,
  author  = {A. Cabello},
  journal = {Phys. Rev. Lett.},
  title   = {Simple explanation of the quantum violation of a fundamental inequality},
  year    = {2013},
  volume  = {110},
  doi     = {10.1103/physrevlett.110.060402},
}

@Article{Supic2020,
  author    = {I. Supic and J. Bowles},
  journal   = {Quantum},
  title     = {Self-testing of quantum systems: {A} review},
  year      = {2020},
  volume    = {4},
  doi       = {10.22331/q-2020-09-30-337},
}

@Book{Horn2013,
  author    = {R. Horn},
  publisher = {Cambridge University Press},
  title     = {Matrix analysis},
  year      = {2013},
  edition   = {Second edition},
  doi       = {10.1017/9781139020411},
}

@Article{Cabello2012,
  author    = {A. Cabello},
  journal	= {arXiv preprint arXiv:1212.1756},
  title     = {Specker's fundamental principle of quantum mechanics},
  year      = {2012},
  url       = {https://arxiv.org/abs/1212.1756},
}

@misc{Pusey2019,
  author     = {M. Pusey},
  title      = {Contextuality},
  year       = {2019},
  howpublished = {Lecture as part of {S}olstice of {F}oundations summer school, {ETH} {Z}urich},
  url        = {https://video.ethz.ch/conferences/2019/quantum.html}
}

@Article{Bharti2019,
  author  = {K. Bharti and M. Ray and A. Varvitsiotis and N. Warsi and A. Cabello and L.-C. Kwek},
  journal = {Phys. Rev. Lett.},
  title   = {Robust self-testing of quantum systems via noncontextuality inequalities},
  year    = {2019},
  volume  = {122},
  doi     = {10.1103/physrevlett.122.250403},
}

@InProceedings{McKague2011,
  author    = {M. McKague and M. Mosca},
  booktitle = {Theory of quantum computation, communication, and cryptography},
  title     = {Generalized self-testing and the security of the 6-{S}tate {P}rotocol},
  year      = {2011},
  publisher = {Springer},
  doi       = {10.1007/978-3-642-18073-6_10},
}

@Article{Spekkens2014,
  author  = {R. Spekkens},
  journal = {Foundations of Physics},
  title   = {The status of determinism in proofs of the impossibility of a noncontextual model of quantum theory},
  year    = {2014},
  volume  = {44},
  doi     = {10.1007/s10701-014-9833-x},
}

@Article{Kleinmann2011,
  author  = {M. Kleinmann and O. Guehne and J. Portillo and J.-A. Larsson and A. Cabello},
  journal = {New J. Phys.},
  title   = {Memory cost of quantum contextuality},
  year    = {2011},
  volume  = {13},
  doi     = {10.1088/1367-2630/13/11/113011},
}

@Article{Cabello2018,
  author  = {A. Cabello and M. Gu and O. Guehne and Z.-P. Xu},
  journal = {Phys. Rev. Lett.},
  title   = {Optimal classical simulation of state-independent quantum contextuality},
  year    = {2018},
  volume  = {120},
  doi     = {10.1103/physrevlett.120.130401},
}

@Article{Buchanan2019,
  author  = {M. Buchanan},
  journal = {Nat. Phys.},
  title   = {Leibnizâ€™s principle of indistinguishability},
  year    = {2019},
  volume  = {15},
  doi     = {10.1038/s41567-019-0711-5},
}

@Article{Spekkens2019,
  author        = {R. Spekkens},
  title         = {The ontological identity of empirical indiscernibles: {L}eibniz's methodological principle and its significance in the work of {E}instein},
  year          = {2019},
  journal       = {arXiv preprint arXiv:1909.04628},
  url           = {https://arxiv.org/abs/1909.04628}
}

@Book{Amaral2018,
  author    = {B. Amaral},
  publisher = {Springer},
  title     = {On graph approaches to contextuality and their role in quantum theory},
  year      = {2018},
  doi       = {10.1007/978-3-319-93827-1},
}

@Article{Barnett2015,
  author        = {N. Barnett and J. Crutchfield},
  journal       = {J. Stat. Phys.},
  title         = {Computational mechanics of input-output processes: {S}tructured transformations and the {\(\epsilon\)}-transducer},
  year          = {2015},
  volume        = {161},
  doi           = {10.1007/s10955-015-1327-5},
}

@Article{Cabello2014,
  author  = {A. Cabello and S. Severini and A. Winter},
  journal = {Phys. Rev. Lett.},
  title   = {Graph-theoretic approach to quantum correlations},
  year    = {2014},
  volume  = {112},
  doi     = {10.1103/physrevlett.112.040401},
}

@Article{Pusey2019a,
  author        = {M. Pusey and L. del Rio and Bettina Meyer},
  title         = {Contextuality without access to a tomographically complete set},
  year          = {2019},
  journal       = {arXiv preprint arXiv:1904.08699},
  url           = {https://arxiv.org/abs/1904.08699}

}

@Article{Mermin1993,
  author  = {D. Mermin},
  journal = {Rev. Mod. Phys.},
  title   = {Hidden variables and the two theorems of {J}ohn {B}ell},
  year    = {1993},
  volume  = {65},
  doi     = {10.1103/revmodphys.65.803},
}

@Article{Spekkens2005,
  author = {R. Spekkens},
  journal = {Phys. Rev. A},
  title = {Contextuality for preparations, transformations, and unsharp measurements},
  year = {2005},
  volume = {71},
  doi = {10.1103/physreva.71.052108},
}


@Article{Peres1991,
  author  = {A. Peres},
  journal = {J. Phys. A},
  title   = {Two simple proofs of the {K}ochen-{S}pecker theorem},
  year    = {1991},
  volume  = {24},
  doi     = {10.1088/0305-4470/24/4/003},
}

@misc{Colbeck2019,
  author       = {R. Colbeck},
  title        = {Bell non-locality},
  year         = {2019},
  howpublished = {Lecture as part of {S}olstice of {F}oundations summer school, {ETH} {Z}urich},
  url          = {https://video.ethz.ch/conferences/2019/quantum.html}
}

@Article{Mazurek2016,
  author  = {M. Mazurek and M. Pusey and R. Kunjwal and K. Resch and R. Spekkens},
  journal = {Nat. Commun.},
  title   = {An experimental test of noncontextuality without unphysical idealizations},
  year    = {2016},
  volume  = {7},
  doi     = {10.1038/ncomms11780},
}

@Article{Hensen2015,
  author  = {B. Hensen and H. Bernien and A. Dreau and A. Reiserer and N. Kalb and M. Blok and J. Ruitenberg and R. Vermeulen and R. Schouten and C. Abellan and W. Amaya and V. Pruneri and M. Mitchell and M. Markham and D. Twitchen and D. Elkouss and S. Wehner and T. Taminiau and R. Hanson},
  journal = {Nature},
  title   = {Loophole-free {B}ell inequality violation using electron spins separated by 1.3 kilometres},
  year    = {2015},
  volume  = {526},
  doi     = {10.1038/nature15759},
}

@Article{Bell1964,
  author       = {J. Bell},
  journal      = {Physics Physique Fizika},
  title        = {On the {E}instein-{P}odolsky-{R}osen paradox},
  year         = {1964},
  volume       = {1},
  doi          = {10.1103/physicsphysiquefizika.1.195},
}

@Book{Peres2002,
  author    = {A. Peres},
  publisher = {Kluwer},
  title     = {Quantum theory: {C}oncepts and methods},
  year      = {2002},
  doi       = {10.1007/0-306-47120-5},
}

@Inbook{Conway2011,
  author    = {J. Conway and S. Kochen},
  publisher = {Cambridge University Press}, 
  booktitle = {Deep beauty: {U}nderstanding the quantum world through mathematical innovation},
  title	    = {The {S}trong {F}ree {W}ill {T}heorem},
  year      = {2011},
  doi	    = {10.1017/cbO9780511976971.014}, 
}

@misc{Spekkens2012,
  author       = {R. Spekkens},
  title        = {Foundations of quantum mechanics},
  year         = {2012},
  howpublished = {Lecture Series, {P}erimeter {I}nstitute},
  url          = {https://www.perimeterinstitute.ca/video-library/collection/11/12-psi-foundations-quantum-mechanics}
}

@Article{Kochen1968,
    author = {S. Kochen and E. Specker},
   journal = {Indiana Univ. Math. J.},
     title = {The problem of hidden variables in quantum mechanics},
      year = {1968},
    volume = {17},
       doi = {10.1512/iumj.1968.17.170044},
}

@Article{Bell1966,
  author       = {J. Bell},
  journal      = {Rev. Mod. Phys.},
  title        = {On the problem of hidden variables in quantum mechanics},
  year         = {1966},
  volume       = {38},
  doi          = {10.1103/revmodphys.38.447},
}

@InCollection{Specker1975,
  author    = {E. Specker},
  publisher = {Springer},
  title     = {The logic of propositions which are not simultaneously decidable},
  booktitle = {The logico-algebraic approach to quantum mechanics: {V}olume {I}: {H}istorical Evolution},
  year      = {1975},
  doi       = {10.1007/978-94-010-1795-4_8},
}


@Book{Nielsen2010, 
  author    = {M. Nielsen and I. Chuang},
  publisher = {Cambridge University Press},
  title     = {Quantum computation and quantum information: 10th anniversary edition},
  year      = {2010},
  doi       = {10.1017/cbO9780511976667},
}

@Book{Watrous2018,
  author    = {J. Watrous},
  publisher = {Cambridge University Press},
  title     = {The theory of quantum information},
  year      = {2018},
  doi       = {10.1017/9781316848142},
}

@article{Clauser1969,
  author    = {J. Clauser and M. Horne and A. Shimony and R. Holt},
  journal   = {Phys. Rev. Lett.},
  title     = {Proposed experiment to test local hidden-variable theories},
  year      = {1969},
  volume    = {23},
  doi       = {10.1103/physrevlett.23.880},
}


@article{Brunner2014,
  author    = {N. Brunner and D. Cavalcanti and S. Pironio and V. Scarani and S. Wehner},
  journal   = {Rev. Mod. Phys.},
  title     = {Bell nonlocality},
  year      = {2014},
  volume    = {86},
  doi       = {10.1103/revmodphys.86.419},
}

@article{Yu2012,
  author    = {S. Yu and C. Oh},
  journal   = {Phys. Rev. Lett.},
  title     = {State-independent proof of {K}ochen-{S}pecker Theorem with 13 rays},
  year      = {2012},
  volume    = {108},
  doi       = {10.1103/physrevlett.108.030402},
}

@article{Klyachko2008,
  author    = {A. Klyachko and M. Can and S. Binicioglu and A. Shumovsky},
  journal   = {Phys. Rev. Lett.},
  title     = {Simple test for hidden variables in spin-1 systems},  
  year      = {2008},
  volume    = {101},
  doi       = {10.1103/physrevlett.101.020403},

}

@article{Fine1982,
  author    = {A. Fine},
  journal   = {Phys. Rev. Lett.},
  title     = {Hidden variables, joint probability, and the bell inequalities},
  year      = {1982},
  volume    = {48},
  doi       = {10.1103/physrevlett.48.291},
}

@article{Heunen2014,
  title     = {Quantum theory realizes all joint measurability graphs},
  author    = {C. Heunen and T. Fritz and M. Reyes},
  journal   = {Phys. Rev. A},
  volume    = {89},
  year      = {2014},
  doi       = {10.1103/physreva.89.032121},
}

@article{Ekert91,
  title     = {Quantum cryptography based on {B}ell's theorem},
  author    = {A. Ekert},
  journal   = {Phys. Rev. Lett.},
  volume    = {67},
  year      = {1991},
  doi       = {10.1103/physrevlett.67.661},
}

@article{Brassard1999,
  title = {Cost of exactly simulating quantum entanglement with classical communication},
  author = {G. Brassard and R. Cleve and A. Tapp},
  journal = {Phys. Rev. Lett.},
  volume = {83},
  year = {1999},
  doi = {10.1103/physrevlett.83.1874},
}

@article{Toner2003,
  title = {Communication cost of simulating {B}ell correlations},
  author = {B. Toner and D. Bacon},
  journal = {Phys. Rev. Lett.},
  volume = {91},
  year = {2003},
  doi = {10.1103/physrevlett.91.187904},
}

@InProceedings{Peres1998,
  author    = {A. Peres and A. Ron},
  booktitle = {Microphysical Reality and Quantum Formalism},
  year      = {1998},
  publisher = {Kluwer},
}

@Article{Einstein1905,
  author    = {A. Einstein},
  journal   = {Annalen der {P}hysik},
  volume    = {17},
  title     = {On the electrodynamics of moving bodies},
  year      = {1905},
  doi       = {10.1002/andp.19053221004},
}

@article{Pusey2018,
  title = {Robust preparation noncontextuality inequalities in the simplest scenario},
  author = {M. Pusey},
  journal = {Phys. Rev. A},
  volume = {98},
  year = {2018},
  doi = {10.1103/physreva.98.022112},
}


@article{Mayers2003,
  title = {Self testing quantum apparatus},
  author = {D. Mayers and A. Yao},
  journal = {arXiv preprint quant-ph/0307205},
  url = {https://arxiv.org/abs/quant-ph/0307205},
  year = {2003},
}

@article{Miklin2020,
 title = {A universal scheme for robust self-testing in the prepare-and-measure scenario},
 author = {N. Miklin and  M. Oszmaniec},
 journal = {arXiv preprint arXiv:2003.01032},
 year = {2020},
 url = {https://arxiv.org/abs/2003.01032},
}