@article{RevModPhys.65.803,
  title = {Hidden variables and the two theorems of {J}ohn {B}ell},
  author = {Mermin, N. David},
  journal = {Rev. Mod. Phys.},
  volume = {65},
  issue = {3},
  pages = {803--815},
  numpages = {0},
  year = {1993},
  month = {Jul},
  publisher = {American Physical Society},
  doi = {10.1103/RevModPhys.65.803},
  url = {https://link.aps.org/doi/10.1103/RevModPhys.65.803}
}

@article{PhysRevA.71.052108,
  title = {Contextuality for preparations, transformations, and unsharp measurements},
  author = {Spekkens, R. W.},
  journal = {Phys. Rev. A},
  volume = {71},
  issue = {5},
  pages = {052108},
  numpages = {17},
  year = {2005},
  month = {May},
  publisher = {American Physical Society},
  doi = {10.1103/PhysRevA.71.052108},
  url = {https://link.aps.org/doi/10.1103/PhysRevA.71.052108}
}

@article{Peres_1991,
	doi = {10.1088/0305-4470/24/4/003},
	url = {https://doi.org/10.1088%2F0305-4470%2F24%2F4%2F003},
	year = 1991,
	month = {Feb},
	publisher = {{IOP} Publishing},
	volume = {24},
	number = {4},
	pages = {L175--L178},
	author = {A Peres},
	title = {Two simple proofs of the {K}ochen-{S}pecker {T}heorem},
	journal = {Journal of Physics A: Mathematical and General},
	abstract = {A new proof of the Kochen-Specker theorem uses 33 rays, instead of 117 in the original proof. If the number of dimensions is increased from 3 to 4, only 24 rays are needed.}
}

@online{MattPusey,
     title = {Lectures on contextuality, 2019},
     date = {2019},
     organization = {ETH Zürich},
     author = {Matt Pusey},
     note = {https://video.ethz.ch/conferences/2019/quantum/42edf292-edce-4a63-b2d5-44e0d0702796.html},
}

@online{Colbeck,
     title = {Lectures on {B}ell non-locality, 2017},
     date = {2019},
     organization = {ETH Zürich},
     author = {Roger Colbeck},
     note = {https://video.ethz.ch/conferences/2017/quantum/ce907471-ca7c-4876-b6e1-ffef56499967.html},
}

@article{mazurek2016experimental,
  title={An experimental test of noncontextuality without unphysical idealizations},
  author={Mazurek, Michael D and Pusey, Matthew F and Kunjwal, Ravi and Resch, Kevin J and Spekkens, Robert W},
  journal={Nature communications},
  volume={7},
  number={1},
  pages={1--7},
  year={2016},
  publisher={Nature Publishing Group}
}


@article{hensen2015experimental,
  title={Loophole-free {B}ell inequality violation using electron spins separated by 1.3 kilometres},
  author={Hensen, Bas and Bernien, Hannes and Dr{\'e}au, Ana{\"\i}s E and Reiserer, Andreas and Kalb, Norbert and Blok, Machiel S and Ruitenberg, Just and Vermeulen, Raymond FL and Schouten, Raymond N and Abell{\'a}n, Carlos and others},
  journal={Nature},
  volume={526},
  number={7575},
  pages={682--686},
  year={2015},
  publisher={Nature Publishing Group}
}

@article{bell1964einstein,
  title={On the {E}instein {P}odolsky {R}osen paradox},
  author={Bell, John S},
  journal={Physics Physique Fizika},
  volume={1},
  number={3},
  pages={195},
  year={1964},
  publisher={APS}
}


@book{peres1995quantum,
  title={Quantum Theory: Concepts and Methods},
  author={Peres, A.},
  isbn={9780792336327},
  lccn={93032994},
  pages = {114},
  series={Fundamental Theories of Physics},
  url={https://books.google.ch/books?id=rMGqMyFBcL8C},
  year={1995},
  publisher={Springer Netherlands}
}

@article{conway2009strong,
  title={The {S}trong {F}ree {W}ill {T}heorem},
  author={Conway, John H and Kochen, Simon},
  journal={Notices of the AMS},
  volume={56},
  number={2},
  pages={226--232},
  year={2009}
}

@online{SpekkensPerimeter,
    title = {Foundations of quantum mechanics (lecture series), 2018},
    date = {2018},
    organization = {Perimeter Institute},
    author = {Robert Spekkens and Lucien Hardy},
    note = {https://www.perimeterinstitute.ca/video-library/collection/psi-2017/2018-foundations-quantum-mechanics-spekkens-hardy},  
}

@ARTICLE{Koch,
    author = "Kochen, Simon and Specker, Ernst",
     title = "The Problem of Hidden Variables in Quantum Mechanics",
   journal = "Indiana Univ. Math. J.",
  fjournal = "Indiana University Mathematics Journal",
    volume = 17,
      year = 1968,
     issue = 1,
     pages = "59--87",
      issn = "0022-2518",
     coden = "IUMJAB",
   mrclass = "",
}

@article{Bell,
  title = {On the Problem of Hidden Variables in Quantum Mechanics},
  author = {Bell, JOHN S.},
  journal = {Rev. Mod. Phys.},
  volume = {38},
  issue = {3},
  pages = {447--452},
  numpages = {0},
  year = {1966},
  month = {Jul},
  publisher = {American Physical Society},
  doi = {10.1103/RevModPhys.38.447},
  url = {https://link.aps.org/doi/10.1103/RevModPhys.38.447}
}

@article{puseyrio2019contextuality,
  title={Contextuality without access to a tomographically complete set},
  author={Pusey, Matthew F and Del Rio, Lidia and Meyer, Bettina},
  journal={arXiv preprint arXiv:1904.08699},
  year={2019}
}


@incollection{specker1975logic,
  title={The logic of propositions which are not simultaneously decidable},
  author={Specker, EP},
  booktitle={The logico-algebraic approach to quantum mechanics},
  pages={135--140},
  year={1975},
  publisher={Springer}
}
